2558 4014
132 268 253 334 MAE]
560 271 744 321 PHORMIO.

136 453 197 505 cu
217 444 317 504 usus
331 437 700 501 iustissimorum?
740 448 800 498 nn
823 423 956 517 Oppido

136 538 295 612 Quantiim
308 543 421 617 potest,
436 555 519 596 nuno
533 536 784 597 conueniundust
797 536 956 613 Phormio,

135 638 229 699 Prius
243 636 337 716 qudm
351 634 506 712 dilapidat
519 634 643 694 ndstras
656 633 789 709 triginta
801 633 913 709 minas,

136 735 181 798 Vt
194 733 381 795 miseramus.
424 739 487 790 PE
503 729 633 809 (comioy
647 740 706 806 out,
721 735 784 791 aad
792 735 973 810 preteadinq
985 740 1039 792 aot
1051 739 1080 792 to
1093 750 1140 792 seo

217 831 307 914 them)
330 827 559 906 Demiphonem
574 827 602 888 si
616 827 732 888 domist

136 928 255 1005 Visam,
269 925 307 987 rit
320 925 454 1005 quod—
493 933 553 983 DE.
576 924 789 1004 (interruptim
805 926 881 1009 him)
903 924 949 986 At
969 944 1026 988 nos
1046 925 1088 986 ad
1107 930 1140 986 to

216 1025 348 1100 ibamus,
359 1021 516 1083 Phormio.
1096 1035 1141 1082 900

137 1131 198 1183 PE
225 1122 274 1182 De
301 1121 409 1181 eadem
436 1118 495 1179 hae
520 1119 654 1180 fortasse
680 1117 802 1180 oadsa?
859 1128 920 1179 DE
947 1120 999 1181 Ita
1025 1119 1138 1181 hercle.

215 1227 278 1278 PE
299 1216 435 1280 Credidi.

138 1315 220 1389 Quid
232 1315 274 1376 ad
291 1332 342 1375 me
356 1313 479 1374 ibatis?
519 1321 579 1372 DE
606 1311 838 1373 Ridiculum—
876 1322 940 1373 PE
969 1313 1141 1395 (intempt-

216 1413 281 1496 iop)
297 1409 490 1472 uerebamini

138 1509 186 1570 Ne
201 1511 265 1570 non
278 1509 312 1569 id
325 1509 472 1582 fauorem,
487 1507 572 1585 quod
585 1506 771 1586 recepissem
786 1507 909 1568 semel?

138 1607 227 1669 Heus
239 1609 246 1667 Ι
269 1606 387 1684 quanta
401 1609 521 1683 quanta
533 1603 610 1664 haeo
624 1605 695 1664 mea
706 1610 875 1683 paupertas
889 1605 946 1681 est,
961 1609 1067 1665 tamen

137 1701 251 1764 Adhr'ro
265 1702 373 1762 curaui
385 1721 484 1761 unum
497 1700 555 1761 hdo
570 1700 706 1778 quidem,
720 1706 758 1761 ut
771 1701 815 1761 mi
830 1702 913 1762 esset
925 1701 1012 1763 fides.
1096 1714 1141 1762 905

137 1801 238 1879 quue
252 1799 330 1860 adeo
343 1799 436 1858 uenio
450 1795 639 1875 nuntiatum,
654 1797 820 1876 Demipho

137 1897 288 1957 Paratum
300 1914 351 1955 me
365 1913 452 1956 esse:
473 1894 529 1955 ubi
542 1894 648 1970 uoltis,
662 1896 791 1956 uxorem
805 1895 886 1955 date.

137 1994 220 2054 Nam
233 1992 335 2054 omnis
349 1991 518 2070 posthabui
531 1990 611 2050 mihi
624 2010 683 2069 res,
698 1992 745 2052 ita
757 1992 806 2052 uti
819 1993 876 2071 par
889 1992 961 2069 fuit,

137 2090 309 2169 Postquam
322 2088 357 2149 id
369 2093 459 2149 tanto
473 2107 565 2166 opere
579 2089 635 2149 uds
649 2089 732 2149 uelle
747 2089 886 2149 animum
900 2089 1105 2150 adudrteram.

137 2195 196 2246 DE.
215 2185 262 2247 At
274 2185 327 2246 hio
341 2185 524 2246 dehortatus
539 2186 587 2246 est
600 2204 659 2261 me,
674 2204 713 2245 ne
728 2186 816 2245 illam
830 2185 890 2246 tibi
905 2186 1027 2247 darem:
1097 2200 1141 2248 910

139 2285 240 2345 ‘Nam
255 2277 313 2361 qui
324 2283 384 2343 erit
398 2301 503 2342 rumor
518 2282 646 2360 populi,'
661 2282 774 2361 inquit,
790 2283 836 2344 ‘si
850 2283 884 2343 id
897 2284 1037 2346 feceris?

138 2379 221 2442 Olim
235 2399 330 2459 quom
343 2379 474 2440 honeste
489 2379 600 2456 potuit,
615 2385 683 2438 tum
697 2381 822 2440 nonest
837 2381 926 2457 data3

137 2477 215 2538 Eam
230 2475 315 2537 mino
330 2476 456 2536 extrudi
470 2474 613 2554 trirpest!
654 2477 753 2536 ferme
768 2477 875 2537 eadem
887 2478 999 2556 omnia,

138 2573 221 2645 Quae
236 2570 305 2634 tute
319 2573 437 2633 dudum
451 2574 554 2633 odram
567 2591 617 2632 me
631 2572 838 2634 inousdueras¹
1218 2639 1220 2644 ,

137 2679 198 2730 PE
213 2668 298 2731 Satis
307 2671 439 2748 superbe
448 2667 593 2730 inluditis
602 2688 660 2729 me.
689 2678 749 2729 DE
764 2670 849 2741 Qui?
876 2681 939 2730 ΡΗ.
952 2673 1082 2749 Rogas?
1097 2686 1140 2732 916

138 2767 270 2839 Quiane
284 2766 415 2828 alteram
430 2766 556 2844 quidem
570 2765 659 2826 illam
673 2773 781 2845 potero
795 2766 923 2845 ddeere;

137 2865 219 2925 Nam
234 2866 296 2942 qud
310 2864 417 2924 redibo
431 2881 483 2923 ore
497 2863 538 2924 ad
552 2882 621 2923 eam
635 2882 729 2941 quam
744 2865 1009 2943 contempserim?

139 2969 199 3022 OE
220 2960 268 3040 (io
286 2979 307 3020 o
323 2963 377 3020 loeo
394 2963 482 3037 voice,
493 2964 669 3039 promptiap
685 2963 843 3039 Demipho,
864 2964 929 3022 who
945 2967 973 3023 is
988 2972 1021 3023 ot
1041 2983 1062 3024 o
1082 2966 1141 3025 loss

209 3061 266 3135 sor
279 3059 389 3140 words)

217 3155 315 3214 ‘Tum
329 3160 434 3215 autem
448 3136 669 3231 Antiphonem
682 3153 775 3214 uideo
790 3157 829 3216 ab
844 3173 912 3217 sese
926 3156 1070 3218 amittere

139 3251 279 3312 Inuitum
294 3251 379 3312 eam'
393 3251 497 3329 inque.
539 3259 599 3309 DE
620 3253 701 3310 Tum
716 3251 820 3311 adtem
834 3253 926 3313 uideo
941 3253 1047 3314 filium

139 3347 278 3408 Inuitum
294 3367 368 3409 sane
381 3346 546 3408 mulierem
560 3347 599 3408 ab
615 3367 647 3409 se
662 3349 813 3408 amittere.
1097 3363 1140 3411 sao

141 3443 200 3505 Sed
212 3444 314 3506 trdnsi
327 3444 418 3506 sodes
432 3444 473 3505 ad
486 3445 591 3505 forum
605 3450 699 3523 atque
712 3444 794 3506 illud
806 3445 887 3507 mihi
