2558 4014
135 304 175 368 20
551 320 712 370 nnsnnm
1018 313 1138 379 [nan

134 484 294 565 Quidquid
307 491 432 565 praeter
446 504 534 565 spem
551 485 684 564 eueniet,
699 504 790 546 omne
804 485 839 546 id
852 486 1010 565 deputabo
1024 505 1093 548 esse
1106 486 1141 547 in

214 584 309 643 luere.

135 681 198 742 sed
218 681 295 759 quid
316 699 419 742 cessas
439 680 599 741 heminem
623 680 710 741 adire
732 685 765 740 et
788 679 903 742 blenda
926 680 961 740 in
984 681 1141 760 principio

215 778 368 855 edloqui?
411 776 582 857 (Phaedria
605 781 725 838 hurries
744 781 885 854 forword
906 797 942 838 aa
961 780 1072 857 thonph
1095 781 1142 838 do·

216 876 324 953 liphted
338 883 371 934 ot
383 879 482 953 seeinp
495 876 646 950 Demipho
660 877 735 935 book
748 877 865 956 opoin.)

135 980 195 1030 DE
211 970 254 1051 (to
274 974 414 1053 himself)
436 971 628 1032 Phaedriam
648 972 710 1031 mei
725 971 835 1032 frenis
856 971 950 1032 uideo
970 970 1077 1031 filium
1097 971 1142 1031 mi

215 1069 261 1128 ire
275 1068 409 1129 ebuiam.
732 1113 735 1119 -

136 1174 198 1225 ΡΗ.
215 1165 257 1245 (to
271 1167 434 1247 Demipho)
450 1166 498 1225 Mi
509 1166 630 1243 peirue,
643 1165 746 1226 salue!
782 1175 842 1225 DE.
855 1165 1021 1251 (snonpelp)
1033 1165 1140 1227 selue!

217 1263 272 1324 ses
286 1262 372 1323 unse
386 1245 558 1340 Antipho?

136 1369 198 1419 ΡΗ.
221 1360 348 1420 Saluem
361 1359 586 1419 uenire—DE
604 1358 1009 1437 (inpatieniothnedrin’s
1020 1365 1143 1421 enosion

217 1460 255 1533 os
268 1459 317 1516 his
330 1457 478 1538 question)
494 1457 612 1532 Ored03
634 1457 692 1516 hoe
707 1457 861 1535 responde
875 1457 962 1517 mihi.
1100 1469 1144 1516 2515

136 1562 199 1613 ΡΗ.
212 1553 315 1628 Valet,
327 1553 379 1612 hie
388 1557 452 1629 esi3
475 1554 531 1614 sed
541 1553 691 1635 (chaeriip)
706 1553 790 1614 satin
798 1554 903 1614 emnia
911 1573 950 1614 ex
962 1554 1143 1615 sententia?

136 1659 196 1709 DE
216 1650 340 1712 Vellem
354 1650 489 1727 quidem.
532 1658 595 1709 ΡΗ.
606 1650 619 1728 (
622 1654 802 1729 pretendinp
813 1653 960 1734 snnpoise)
971 1651 1054 1722 Quid
1062 1650 1144 1712 iside

218 1749 292 1808 esi?
333 1755 393 1805 DE.
413 1746 554 1822 Rogitas,
569 1746 752 1807 Phaedria?

140 1843 232 1925 (vnn
245 1846 401 1922 witherinp
415 1846 563 1925 aaronem)
573 1843 678 1904 Bones
692 1863 741 1904 me
753 1844 881 1905 absente
895 1843 947 1905 hie
961 1844 1144 1907 cenfeoistis

218 1939 353 2018 mipeias.

138 2047 200 2098 ΡΗ.
221 2038 300 2112 Eho,
313 2055 353 2097 an
367 2035 401 2096 id
416 2054 577 2098 suscenses
591 2035 675 2097 mino
688 2036 763 2098 illi?
804 2046 864 2097 Gn.
880 2039 987 2118 (asido,
1000 2041 1146 2118 deiipieted

219 2137 289 2193 nith
303 2135 485 2194 Phaedrio's
499 2137 592 2194 elever
605 2137 717 2216 oeiinp)
734 2134 897 2195 Artificem
912 2137 1060 2214 probum!

139 2241 198 2290 nn
219 2233 310 2308 Egon
323 2230 372 2290 ssli
386 2249 450 2290 non
464 2232 686 2293 suscenseam?
708 2232 813 2309 ipsum
828 2233 928 2308 gestio
1102 2245 1146 2292 neo

139 2330 218 2388 Dari
232 2327 276 2387 mi
290 2326 325 2387 in
338 2334 547 2405 conspectum,
563 2326 645 2388 nimo
660 2347 716 2389 sua
730 2329 823 2407 eulpa
836 2327 872 2390 it
887 2330 966 2402 seiae

140 2426 257 2485 Lenem
271 2430 393 2502 pairem
407 2425 498 2484 illum
512 2426 633 2485 fectum
647 2444 697 2485 me
711 2445 779 2487 esse
793 2428 996 2488 aoermmum.

140 2531 203 2581 ΡΗ.
223 2521 325 2599 Aequi
338 2522 420 2581 nihil
434 2522 520 2598 fecii,
536 2524 657 2600 peirue,
673 2525 757 2602 quod
772 2525 960 2586 suscenseas.

140 2628 200 2677 DE.
221 2619 301 2678 ane
316 2617 421 2679 aetem
436 2619 553 2680 similia
567 2621 687 2681 emnia!
710 2640 816 2682 omnes
831 2623 1019 2698 eengruont3

141 2715 246 2778 Vnem
268 2734 362 2794 quom
382 2716 477 2791 noris,
494 2717 594 2778 emnis
616 2718 709 2778 noris.
751 2727 814 2777 PE
830 2717 912 2797 (nith
928 2738 969 2778 an
987 2722 1039 2780 nir
1052 2721 1091 2796 os
1105 2722 1147 2778 in·

216 2816 309 2890 jared
323 2816 492 2895 innocense)
509 2811 607 2873 Hadd
621 2814 706 2875 itast.
1104 2827 1147 2874 aei

141 2919 201 2968 DE.
221 2911 334 2971 Hicin
347 2910 481 2985 noxiosi,
497 2910 552 2969 ille
567 2910 607 2970 ed
621 2912 784 2971 dicendam
798 2909 924 2972 emisam
938 2911 1043 2989 adest5

142 3008 241 3077 Quom
255 3007 350 3083 illesi,
364 3007 417 3067 hio
431 3013 601 3085 praesiosi3
623 3009 754 3068 tradunt
768 3027 878 3085 operas
892 3006 1026 3069 metuas.

142 3112 202 3163 GE.
221 3103 331 3187 (aeide)
347 3104 448 3164 Probe
462 3104 574 3163 herum
588 3105 674 3165 iaoia
686 3103 858 3182 inpredens
878 3103 1024 3183 depinxit
1043 3123 1144 3166 senen

142 3209 202 3259 DE.
215 3200 343 3261 Namni
353 3200 430 3260 haee
439 3200 485 3260 iia
493 3207 606 3276 esseni,
618 3219 688 3261 eum
699 3200 755 3261 illo
764 3201 849 3262 haud
860 3207 968 3278 stares,
980 3201 1144 3263 Phaedria

142 3307 205 3356 PE
226 3297 260 3358 Si
275 3302 331 3373 esi,
341 3298 461 3375 petrae,
473 3298 597 3375 eulpam
608 3304 644 3358 ut
655 3281 803 3377 Antipho
813 3299 848 3358 in
859 3318 891 3359 se
906 3298 1080 3376 admiserit,
1105 3309 1147 3358 aie

143 3396 193 3454 Ex
207 3395 270 3472 que
284 3413 317 3454 re
331 3394 435 3455 miniis
450 3393 495 3454 rei
509 3395 593 3454 ferei
607 3401 661 3454 aut
675 3396 778 3455 famae
792 3397 980 3473 temperans,

143 3492 218 3552 Non
231 3489 357 3553 emisam
371 3490 441 3552 dieo
454 3490 533 3570 quin
545 3492 630 3569 quod
643 3492 773 3552 meritus
788 3491 830 3552 sit
843 3493 933 3554 ferai.
