2558 4014
138 264 181 331 30
548 281 709 330 rnnrsrr
1038 281 1144 345 [555

139 449 277 529 (turnino
300 458 330 509 to
353 449 442 532 Geta)
465 448 538 526 Abi,
559 448 628 511 nise
647 447 817 510 redieritne
837 448 901 510 iam
922 467 965 510 an
983 468 1049 511 non
1070 450 1146 512 <irim
1210 482 1214 487 ·

218 546 353 606 domum.
1103 563 1147 609 445

137 651 196 702 GE
216 644 272 703 Eo.
317 642 406 722 (Exit
419 647 482 704 into
495 644 671 720 1155515155
684 645 798 725 house.)
840 652 901 704 DE.
924 643 968 723 (to
981 647 1030 706 to
1044 649 1145 707 odeis·
1175 664 1179 673 ·

217 743 276 823 erc)
298 740 423 802 Videtis
438 759 500 818 quo
514 739 548 799 in
562 740 629 801 loco
643 759 693 801 res
706 741 783 801 hado
798 739 866 802 sict.

137 837 220 908 Quid
234 839 319 914 ago?
341 838 401 913 dic,
413 838 526 914 Hegio.
569 847 632 897 HE
652 821 748 914 Ego?
763 837 1023 917 (bowtnqpolitely
1031 845 1148 902 toward

220 934 380 1017 Cratinus)
403 935 567 997 Cratinum
581 935 740 995 censeo—

138 1031 171 1092 Si
185 1031 245 1093 tssri
258 1031 392 1091 uidetur.
435 1041 494 1090 DE
515 1031 584 1108 Dic,
599 1031 735 1094 Cratino.
778 1040 869 1093 cRA.
890 1032 1078 1095 Minonis?

137 1137 196 1186 DE
223 1131 276 1189 Te.
320 1138 409 1188 m
436 1130 504 1206 Ego
526 1147 606 1207 quae
630 1127 665 1188 in
691 1147 757 1189 rem
781 1134 869 1190 tuam
893 1128 959 1191 sint
986 1131 1025 1192 ea
1047 1131 1148 1192 uelim

217 1225 325 1285 iacias.
367 1225 447 1285 mihi

138 1322 189 1382 Sic
203 1321 262 1382 hoc
276 1322 417 1383 uidetur:
441 1322 569 1400 quddte
584 1321 778 1383 absentchic
792 1320 882 1384 iilius
1102 1339 1149 1385 455

136 1418 221 1495 Egit,
236 1419 361 1479 restitui
376 1419 410 1478 in
424 1418 581 1495 integrum
596 1424 759 1497 aequomst
772 1420 805 1480 st
818 1419 944 1495 bonum,
1054 1498 1057 1503 Ι

136 1516 179 1575 Et
193 1515 226 1575 id
240 1515 432 1594 impetrabis.
475 1515 550 1575 dixi.
593 1524 652 1574 DE
673 1516 733 1576 Dic
747 1533 839 1591 nuno,
854 1516 966 1593 Hegio

136 1621 199 1672 mi.
219 1614 287 1689 Ego
301 1613 410 1674 sedulo
424 1613 507 1674 huno
520 1612 649 1694 (bowioq
658 1615 765 1696 cocio)
778 1613 896 1675 dixisse
907 1613 1017 1693 cred03
1033 1615 1149 1678 utrum

216 1710 302 1787 itast,

136 1807 226 1879 Quod
239 1807 381 1868 homines
395 1812 444 1867 tot
458 1807 647 1868 sententiae:
671 1826 743 1868 suos
758 1807 893 1886 quoique
906 1827 983 1871 mos.

137 1905 220 1965 Mihi
234 1906 298 1965 non
310 1904 437 1964 uidetur
451 1905 536 1982 quod
550 1904 592 1965 sit
606 1905 726 1964 factum
740 1904 872 1982 legibus,
1100 1922 1149 1969 455

136 2001 288 2062 Rescindi
302 2020 409 2080 posse3
432 2007 464 2061 et
477 1999 568 2078 trirpo
583 2000 747 2079 inceptust.
791 2010 851 2060 DE.
872 2000 941 2079 Dic,
957 2002 1053 2064 Orito.

137 2107 212 2157 0131.
232 2099 300 2174 Ego
315 2098 450 2176 amplius
465 2098 702 2158 deliberandum
716 2099 834 2159 censeo.

138 2194 221 2274 (551515
242 2215 284 2254 ao
304 2199 355 2255 cir
374 2198 413 2271 of
426 2196 564 2277 wicdom)
586 2197 650 2256 Res
671 2196 824 2271 mignast.
874 2205 937 2254 HE
957 2197 1045 2256 Num
1067 2199 1148 2276 quid

215 2292 273 2352 nds
287 2292 362 2352 uis?
403 2301 463 2351 DE.
475 2291 524 2372 (cs
537 2294 585 2351 1555
596 2295 731 2353 actricem
745 2295 826 2352 15555
840 2296 886 2353 5155
900 2295 994 2376 atace)
1004 2294 1144 2360 Fecistis

215 2389 319 2468 probe.

138 2484 180 2565 (5ο
194 2488 321 2563 himself,
337 2490 417 2570 aster
437 2488 505 2564 1559
525 2489 644 2569 silence)
661 2486 816 2548 Incertior
837 2506 906 2547 snm
926 2485 1027 2548 mirlto
1047 2507 1146 2568 quam

216 2581 341 2643 dudim.
386 2591 446 2642 GE.
470 2583 617 2664 (55555159
640 2588 727 2661 from
751 2585 926 2661 Demipto’c
950 2586 1055 2669 house)
1081 2587 1146 2647 Ne·

216 2687 292 2757 gant

135 2776 276 2838 Redisse.
320 2786 379 2836 DE.
393 2778 504 2838 Frater
518 2778 567 2838 est
580 2776 793 2856 expectandis
808 2778 903 2838 mihi:
1098 2793 1146 2840 460

135 2875 170 2935 Is
184 2875 268 2952 quod
281 2875 360 2934 mihi
375 2875 496 2934 dederit
511 2875 549 2934 de
562 2874 622 2935 hac
635 2894 669 2934 re
683 2875 858 2958 consilium,
874 2874 908 2935 id
922 2893 1043 2954 sequar.

135 2973 357 3032 Pcrcdntatum
371 2972 423 3033 ibo
437 2972 478 3032 ad
491 2973 626 3050 portum,
641 2973 744 3050 quoad
759 2992 792 3034 se
805 2971 945 3050 recipiat.

774 3069 862 3149 (Erit
876 3073 990 3130 toward
1004 3071 1051 3130 tte
1065 3071 1140 3152 lest.)

135 3173 194 3224 GE
215 3165 260 3226 At
275 3184 333 3242 ego
347 3148 569 3244 Antiphonem
583 3167 739 3244 quaeram,
754 3171 791 3226 ut
811 3184 891 3244 quae
912 3171 982 3227 acta
1002 3166 1055 3227 hic
1076 3166 1141 3228 sint

216 3263 302 3324 sciat.

136 3360 198 3421 Sed
213 3367 318 3421 eccum
333 3357 438 3439 ipsum
451 3358 546 3419 uideo
559 3358 594 3419 in
607 3360 747 3437 timpore
760 3358 823 3419 huc
837 3377 871 3420 se
884 3358 1030 3439 recipere.
