2558 4014
534 257 822 308 nmmoennrnr.
1114 242 1178 310 181

71 440 75 447 ’
175 429 313 497 Pediaski,
324 429 402 483 otto:
414 427 467 479 Die
478 426 666 478 trochaischen
675 426 820 489 septenam
831 426 879 477 des
887 427 998 491 Terenz,
1007 428 1058 478 mit
1068 428 1180 480 besond.

240 511 427 564 Beriioksioht.
443 511 469 562 d.
487 511 601 574 Hecyra.
637 509 739 571 Berlin,
754 510 828 561 1894.

177 596 344 662 Greenough,
361 595 388 662 J.
405 596 454 646 B.:
473 592 557 656 Early
577 591 660 643 Latin
679 592 808 656 Prosody.
847 591 986 660 (Harvard
1005 592 1120 658 studies,
1141 594 1180 658 V,

240 691 268 741 p.
280 678 320 730 87.
355 676 442 743 1895.)
586 689 588 693 ’

522 789 833 842 MISOELLANEOUS.

174 927 363 994 hildebrandi,
372 929 422 979 Et:
440 926 482 976 De
494 925 615 987 Hecyrae
629 924 809 975 Terentianae
820 925 930 989 origine.
967 925 1055 991 Helle,
1071 928 1144 981 1884.

176 1013 291 1076 Kampe,
304 1012 367 1061 Fa:
385 1008 437 1058 Die
454 1006 607 1070 Lustspiele
624 1007 672 1057 des
690 1007 833 1058 Terentius
849 1008 907 1058 und
923 1008 981 1060 ihre
996 1010 1181 1074 griechischen

240 1092 385 1156 Originale.
419 1090 691 1150 Halberstadt,1884.

175 1177 321 1241 Keeeberg,
334 1175 383 1226 A.:
402 1174 579 1236 Quaestiones
590 1172 732 1223 Plautinae
744 1176 771 1224 et
784 1174 963 1225 Terentianae
976 1175 1012 1225 ad
1023 1175 1180 1241 religionem

239 1249 399 1320 spectantes.
429 1257 535 1319 Lipsiae,
548 1255 620 1306 1884.

174 1341 288 1406 Klasen,
297 1341 340 1407 J.:
360 1339 447 1401 Quam
458 1339 591 1389 rationem
604 1337 746 1389 Terentius
758 1337 787 1388 in
798 1339 997 1402 contaminatis,
1008 1354 1076 1404 quae
1088 1341 1181 1392 dicun-

240 1428 292 1484 tur,
304 1421 404 1473 iabnlis
415 1420 609 1484 componendis
619 1425 728 1472 secutus
738 1435 798 1472 esse
808 1421 940 1474 videatur.
971 1424 1038 1474 Pars
1049 1425 1079 1475 I:
1098 1425 1180 1476 Adel-

240 1506 318 1568 phoe.
353 1504 464 1565 Rheine,
477 1504 549 1555 1884.

175 1589 269 1654 Regcl,
278 1588 310 1640 (1.
321 1602 327 1639 :
343 1587 446 1636 Terenz
454 1587 492 1636 im
500 1586 672 1638 Verhdltniss
680 1600 714 1637 zu
725 1587 819 1638 seinen
825 1587 1009 1651 griechischen
1018 1588 1180 1654 Originalen.

242 1669 370 1730 Wetzlar,
383 1669 456 1720 1884.

174 1754 292 1819 Bartels,
304 1755 355 1805 h:
373 1753 415 1803 De
432 1751 543 1803 Terenti
559 1751 690 1803 memoria
706 1752 779 1815 apud
795 1752 915 1803 Nonium
932 1759 1046 1806 servata.
1080 1755 1181 1807 811888·

240 1836 316 1899 burg,
330 1836 403 1886 1885.

175 1919 315 1984 renuent,
324 1919 357 1969 A.
368 1933 375 1970 ε
394 1917 573 1979 Quaestiones
584 1916 706 1968 scenicae
718 1932 753 1968 ex
764 1917 881 1981 prologis
890 1919 1061 1970 Terentianis
1070 1920 1177 1984 petitas.

244 2000 469 2066 (Dissertationes
479 2000 731 2064 Argentoratenses,
745 2001 770 2063 9,
784 2014 810 2062 p.
824 2000 898 2067 294.)
935 2003 1007 2053 1885.

175 2083 364 2150 serotennerg,
376 2085 426 2135 IL:
445 2082 487 2133 De
499 2082 653 2146 Eugraphio
664 2083 774 2133 Terenti
785 2083 940 2147 interprete.
976 2086 995 2135 J
995 2100 1054 2149 888,
1069 2087 1142 2139 1888.

175 2165 304 2228 Greiield,
318 2167 367 2218 h:
386 2166 428 2216 De
440 2165 561 2216 Andriae
573 2166 751 2216 Terentianae
762 2167 869 2230 gemino
881 2167 964 2218 exitu.
1002 2168 1090 2232 Halle,
1104 2168 1177 2221 1886.

175 2250 273 2314 flavet,
285 2250 316 2301 1..
327 2264 334 2300 τ
354 2249 406 2299 Sur
424 2247 464 2299 les
476 2248 618 2312 prologues
632 2248 666 2298 de
677 2248 827 2299 l’Heauton
838 2249 1040 2314 timorumenos,
1052 2251 1085 2302 (18
1096 2251 1115 2301 l’
1126 2253 1179 2302 He-

241 2345 306 2394 cyra
317 2337 345 2381 et
356 2331 393 2381 du
404 2331 539 2381 Phormio.
580 2331 687 2397 (Revue
699 2331 733 2381 de
744 2331 901 2395 Philolcgie,
914 2332 954 2394 10,
967 2335 990 2395 l,
1001 2348 1027 2396 p.
1038 2334 1094 2400 12.)
1105 2334 1179 2386 1886.

176 2414 352 2479 118888818811,
364 2415 413 2466 P.:
432 2415 474 2464 De
490 2415 598 2464 Donato
612 2414 722 2464 Terenti
740 2420 768 2464 et
785 2414 878 2465 Servio
889 2415 992 2478 Vergili
1007 2417 1178 2480 explicatore,

242 2500 388 2559 syntaxeos
400 2496 501 2546 latinae
512 2496 711 2559 interpretibus.
748 2497 925 2561 Kdnigsberg,
941 2498 1013 2549 1886.

176 2578 254 2644 Abel,
266 2580 297 2628 Ε.
311 2594 318 2630 :
337 2579 496 2642 Biographie
508 2578 556 2630 des
568 2579 718 2630 Terentius.
751 2579 897 2642 Budapest,
911 2581 982 2631 1887.

176 2660 255 2727 Abel,
271 2662 322 2711 E.:
346 2661 398 2710 Die
417 2661 694 2725 Terenzbiographien
714 2661 762 2712 des
780 2661 952 2713 Altsrthums
972 2663 1030 2714 und
1049 2663 1097 2715 des
1117 2664 1180 2716 Mit-

241 2741 368 2793 telalters.
401 2743 549 2806 Budapest,
561 2744 632 2795 1887.

175 2826 273 2891 flavet,
290 2826 338 2877 1..:
360 2825 411 2876 sur
430 2824 457 2877 la
474 2826 537 2877 date
557 2826 604 2877 des
623 2824 761 2890 Adelphos
781 2826 816 2878 de
835 2826 987 2880 Terentius.
1024 2829 1130 2895 (Revue
1147 2830 1180 2880 de

241 2907 397 2972 Philologie,
413 2909 452 2971 11,
467 2911 491 2972 1,
503 2923 530 2972 p.
544 2909 601 2973 48.)
638 2910 710 2961 1887.

175 2989 336 3056 Vallata:
355 2991 495 3053 Quomodo
504 2991 685 3042 Menandrum
694 2992 783 3055 quoad
791 2992 996 3056 praecipuarum
1003 3007 1180 3057 personarum

241 3086 329 3123 mores
342 3074 484 3124 Terentius
496 3074 674 3125 transtulerit.
708 3076 793 3136 Paris,
806 3076 879 3127 1887.

175 3155 270 3220 Fabia,
283 3156 351 3207 Ph:
369 3158 422 3206 Les
433 3155 578 3220 Prologues
589 3156 624 3207 (18
635 3157 761 3208 Terence.
795 3157 880 3220 Paris,
894 3159 967 3210 1888.

175 3237 271 3303 Fabia,
284 3238 335 3288 Ph.
346 3252 352 3289 :
370 3238 423 3288 Les
434 3237 578 3301 Prologues
589 3239 623 3289 de
632 3239 758 3290 Terence.
794 3241 878 3302 Paris,
894 3241 965 3292 1889.

175 3320 363 3373 Hcdermann:
386 3319 485 3370 Tlndet
503 3320 547 3371 die
568 3321 671 3372 8118188
691 3322 796 3375 Griech.
819 3323 1012 3374 Dramatikern
1031 3322 1180 3387 auferlegte
1227 3371 1229 3376 .

241 3401 455 3466 Beschrdnkung
470 3403 645 3455 hinsichtlich
665 3404 712 3454 der
732 3404 982 3469 Schauspielerzahl
1001 3406 1180 3471 Anwendung

241 3484 290 3535 aui
300 3484 344 3536 die
355 3485 508 3536 Komddien
519 3485 567 3537 des
577 3487 702 3537 Terenz?
738 3487 810 3539 1889.
