2558 4014
552 314 736 365 PHORMIO.

531 723 669 789 ACTVS
696 725 753 790 l'V.

590 881 638 943 So.
662 882 689 943 1.

138 1027 268 1080 chremes
278 1029 328 1080 has
340 1027 395 1092 just
405 1027 506 1079 landed
516 1028 571 1079 and
581 1029 666 1079 heard
677 1029 723 1080 the
735 1029 860 1094 startling
869 1043 944 1081 news
959 1029 989 1080 of
1004 1030 1079 1082 what
1091 1032 1142 1083 has

178 1110 328 1174 happened.
368 1112 410 1162 He
428 1111 482 1162 and
499 1111 633 1175 Demipho
650 1125 695 1163 are
712 1127 774 1162 now
786 1127 820 1163 on
835 1112 906 1162 their
916 1126 977 1176 way
990 1113 1060 1164 baok
1070 1113 1141 1164 from

178 1194 226 1244 the
237 1194 342 1244 harbor.
353 1195 450 1244 -The
462 1194 546 1245 musio
557 1195 606 1244 has
622 1195 724 1255 oeased,
737 1195 791 1245 and
807 1196 874 1245 with
891 1196 938 1246 the
955 1195 1079 1260 dialogus
1096 1197 1142 1247 be-

178 1280 268 1327 tween
279 1277 325 1326 the
336 1281 391 1327 two
403 1276 449 1326 old
460 1291 532 1338 men,
546 1278 640 1340 begins
652 1291 669 1328 a
680 1278 762 1328 series
777 1278 805 1328 oi
818 1279 915 1329 iambis
930 1281 1041 1339 senarii,
1052 1278 1142 1330 whioh

181 1359 309 1410 continue
320 1373 351 1410 as
362 1359 405 1409 iar
415 1373 445 1410 as
457 1373 495 1409 vs.
511 1360 566 1410 712.
604 1359 654 1410 See
666 1360 779 1422 Introd,
791 1375 816 1424 p.
831 1361 917 1412 xxxvi
926 1361 948 1412 f.

267 1516 435 1598 [Demapdo
449 1521 512 1578 ovid
529 1517 669 1579 Chremes
683 1528 764 1579 enter
770 1523 858 1596 from
871 1523 918 1580 the
931 1521 1012 1604 defi]

330 1673 538 1734 Dnmwno
739 1675 947 1737 Onnnnns

136 1829 196 1880 DE
211 1820 321 1893 Quid?
335 1820 398 1899 qud
408 1821 569 1898 proiectus
581 1819 674 1882 caiisa
681 1820 756 1881 hino
767 1840 799 1883 es
809 1819 971 1898 Lemnum,
981 1821 1140 1899 Chremes,

138 1915 303 1979 Adduxtin
316 1923 421 1978 teoum
435 1917 565 1978 fssiam?
608 1927 669 1977 cn.
689 1920 771 1978 Non.
813 1928 873 1977 DE.
894 1918 978 1990 Quid
990 1920 1037 1980 ita
1050 1922 1140 1980 non?

137 2024 198 2074 ΘΕ
218 2016 392 2093 Postquam
405 2014 494 2074 uidet
508 2033 558 2074 me
573 2015 640 2076 eius
654 2016 755 2074 mdten
769 2033 836 2077 esse
850 2016 902 2075 hio
917 2015 1046 2094 diutius,

138 2112 238 2172 Simul
253 2110 355 2171 autem
372 2131 436 2171 non
449 2112 595 2172 manebat
609 2117 695 2172 aetas
709 2111 842 2188 uirginis
1096 2125 1142 2173 tto

136 2209 241 2268 Meam
254 2208 491 2284 neclegentiam,
507 2207 609 2286 ipsam
624 2227 694 2269 oum
709 2209 794 2268 omni
808 2209 934 2269 fdmilia

137 2305 188 2365 Ad
200 2306 251 2365 md
265 2305 439 2383 profectam
453 2323 521 2365 esse
536 2305 652 2366 assiant.
695 2314 754 2364 DE.
775 2306 858 2376 Quid
870 2306 921 2364 ssli
934 2306 1001 2366 tam
1015 2305 1071 2367 diu

136 2403 257 2474 Quaeso
271 2401 370 2477 igitur
383 2402 623 2478 commorabare,
639 2401 692 2462 ubi
707 2402 742 2461 id
755 2401 926 2463 audieras?

137 2508 197 2558 ΘΗ.
220 2497 285 2578 (aot
300 2502 405 2576 cartag
420 2507 449 2558 to
470 2501 518 2558 tell
538 2502 584 2558 tte
605 2501 699 2580 cruit)
715 2498 773 2558 Pol
788 2500 838 2559 md
853 2499 991 2560 detinuit
1003 2500 1130 2572 rudibus

215 2604 275 2653 DE.
295 2595 413 2656 Vnde?
435 2600 490 2654 aut
503 2594 585 2673 qui?
627 2604 688 2655 (ΞΗ.
709 2597 840 2671 Rogas?

137 2691 323 2774 (waeioely)
340 2692 489 2753 Senectus
503 2692 606 2769 ipsast
620 2693 754 2752 mdrbus.
798 2694 854 2753 sed
867 2692 993 2755 uenisse
1007 2712 1060 2756 eas
1095 2706 1141 2754 6⁷5

137 2789 247 2850 Saluis
262 2788 369 2849 audiui
383 2807 423 2848 ex
436 2787 533 2849 naiita
547 2789 601 2866 qui
615 2789 687 2849 illas
701 2790 838 2850 uixerat.
1033 2774 1037 2781 ’

135 2894 195 2944 DE
216 2885 300 2957 Quid
314 2887 409 2962 gnato
430 2885 579 2961 obtigerit
599 2904 649 2945 me
669 2887 805 2962 dbsente‚
822 2885 948 2963 audisti,
964 2887 1140 2950 Chremes?

136 2991 197 3041 OE
217 2982 308 3054 Quod
321 2981 449 3060 quidem
462 3000 512 3041 mo
526 2983 647 3043 factum
661 2983 774 3043 consili
789 2981 944 3043 incertum
958 2985 1046 3045 facit.

135 3079 219 3139 Nam
235 3077 388 3158 (lowera'oq
407 3081 456 3138 his
474 3081 567 3162 voice)
582 3080 664 3140 hano
679 3079 894 3140 odndioionem
909 3081 938 3142 si
951 3082 1025 3160 quoi
1038 3082 1141 3143 tulero

216 3175 361 3251 extraria

136 3272 203 3344 Quo
217 3272 309 3351 pdoto
323 3277 378 3332 aut
391 3274 475 3332 unde
489 3271 568 3332 mihi
583 3271 626 3332 sit
641 3273 811 3334 dicundum
826 3274 934 3335 ordine
949 3280 1006 3337 est.
1096 3287 1142 3334 neo

135 3370 180 3430 To
193 3368 274 3429 mihi
286 3369 412 3429 fidelem
426 3387 494 3430 esse
509 3370 606 3447 adque
621 3375 714 3448 atque
729 3376 851 3446 egomet
865 3369 935 3432 siim
948 3370 1028 3432 mihi

137 3465 269 3528 Scibam.
311 3465 367 3526 ssle
382 3465 409 3527 si
423 3484 473 3526 mo
487 3466 609 3529 alienus
624 3466 759 3527 adfinem
772 3466 867 3545 uolet,
1082 3508 1217 3768 J
