2558 4014
534 287 713 337 mortino.

502 488 552 550 ec.
572 487 749 571 4[111,1].

119 612 243 677 Antipho
259 609 363 662 blames
378 609 489 662 himself
505 610 549 662 ior
564 611 608 662 his
625 610 761 674 oowardly
774 609 859 676 ssight,
872 610 968 662 buthe
979 609 1051 662 finds
1065 611 1126 662 that

162 695 205 747 his
214 696 340 746 interests
351 694 420 745 have
431 699 481 744 not
490 694 561 745 been
572 694 686 758 entirely
698 693 880 758 neglected.-
887 694 953 744 This
964 708 1044 744 soene
1056 694 1080 745 is
1097 693 1126 745 oi

165 793 183 830 a
192 777 288 842 lyrioal
300 778 439 828 character
450 777 624 841 throughout,
637 778 665 828 in
676 777 790 842 varying
806 776 926 841 rhythm‚
940 776 996 828 and
1011 791 1081 843 sung
1096 781 1126 828 to

164 861 212 912 the
222 860 456 924 reeompaniment
465 860 494 910 oi
504 860 552 910 the
563 859 636 911 ilute.
674 861 724 912 See
735 860 848 923 Introd,
860 874 887 924 p.
901 861 987 912 xxxvl
996 860 1016 912 f.

356 977 509 1058 [Antipho
524 987 621 1038 entem
627 980 715 1054 from
729 979 776 1038 tle
789 977 894 1059 nieht]

365 1103 568 1164 Anrrrrro
770 1105 888 1166 Gnrs

121 1236 188 1288 Ali.
211 1224 439 1305 (soliloquizinq,
455 1228 525 1285 with
540 1228 640 1286 bowed
653 1228 744 1307 leod)
760 1209 856 1285 Enim
873 1243 956 1302 uero,
972 1224 1126 1303 Antipho,

202 1322 397 1384 multimodis
411 1341 483 1383 eum
496 1321 575 1383 istoc
589 1323 694 1383 animo
708 1341 740 1384 es
754 1321 990 1400 uituperandus.
1084 1335 1128 1381 465

121 1403 214 1483 stane
224 1426 257 1480 te
270 1419 345 1480 hino
355 1418 458 1481 abisse
469 1424 501 1480 et
516 1419 615 1480 uitam
628 1419 715 1481 tuam
726 1420 891 1480 tutandam
903 1419 974 1480 aliis
986 1418 1127 1480 dedisse!

121 1501 218 1580 ⁴ilios
228 1522 316 1578 tuam
326 1535 393 1578 rem
403 1515 566 1578 credidisti
576 1517 676 1594 magis
687 1535 782 1594 quam
791 1521 856 1577 tete
868 1516 1007 1577 animum
1021 1517 1129 1577 aduor-

221 1633 278 1674 uro
304 1616 320 1674 ’ἰ
948 1634 952 1642 ·

121 1633 259 1774 Namsdt
271 1633 308 1772 tit
322 1715 412 1771 erant
425 1710 496 1787 alia,
508 1709 558 1770 ssli
572 1715 655 1771 oerte
666 1711 747 1788 quae
760 1729 843 1771 nuno
856 1710 916 1771 tibi
931 1709 1048 1772 domist
1061 1728 1130 1770 oon-

221 1807 307 1868 ulere

123 1906 174 1967 Ne
188 1827 266 1984 qsuid
280 1828 407 1984 pitipter
421 1905 509 1966 tuam
522 1904 618 1965 fidem
632 1904 763 1983 decepta
775 1903 935 1983 poteretiir
949 1903 1042 1981 mali3

123 2001 205 2075 Quoi
224 2021 308 2062 nuno
328 2001 461 2063 miserae
481 2003 553 2080 spes
575 2019 710 2080 opesque
732 2000 806 2063 simi
826 2002 861 2062 in
883 2008 915 2062 te
939 2020 1002 2062 uno
1023 2001 1130 2062 omnes

222 2098 293 2159 itae.
1085 2111 1131 2158 rto

125 2205 184 2257 GE
204 2118 248 2257 iit
259 2195 395 2274 quidem,
407 2214 468 2271 ero,
479 2214 536 2256 nos
550 2195 613 2255 iam
628 2193 746 2255 dudum
759 2195 811 2255 hie
825 2201 857 2256 te
872 2196 1032 2256 absentem
1046 2194 1131 2256 ineu-

205 2312 319 2370 samus,
335 2292 390 2371 qui
404 2292 527 2353 abieris.

124 2389 348 2470 Aludookinq
357 2409 407 2466 up,
418 2398 451 2449 at
464 2392 511 2450 tlte
525 2394 673 2466 interrupi
675 2391 738 2472 ion)
750 2389 820 2449 Te
812 2387 916 2467 rpstim
934 2389 1128 2467 quaerebam.

206 2496 266 2547 GE
287 2487 350 2548 sed
363 2505 401 2546 ea
413 2505 508 2547 eausa
521 2486 621 2547 nssrilo
635 2494 735 2563 magis
750 2486 930 2548 defecimus.

77 2624 82 2633 ·
125 2594 193 2646 Ars.
213 2585 365 2662 Loquere,
377 2584 512 2660 obsecro,
523 2603 585 2662 quo
595 2583 787 2644 nammlooo
798 2589 871 2644 sunt
881 2584 931 2644 res
943 2589 975 2644 et
985 2583 1130 2644 fortunae

303 2683 320 2726 a

125 2699 313 2857 Nummgffid
331 2776 415 2855 patri
432 2777 579 2838 subolet?
622 2785 680 2836 GE.
701 2777 759 2837 Nil
773 2777 875 2838 etiam.
919 2786 986 2836 AN.
1006 2774 1130 2854 Ecquid

207 2874 275 2954 spei
289 2876 439 2953 porroet?
480 2882 539 2933 GE.
559 2874 683 2935 Nescio.
725 2883 792 2933 ΔΝ.
813 2873 883 2935 Ah!

127 2981 186 3032 GE
206 2972 280 3032 Nisi
299 2971 457 3032 Phaedria
477 2970 564 3031 hand
580 2971 716 3032 cessauit
733 2989 790 3049 pro
807 2977 840 3031 te
857 2970 943 3031 eniti.
986 2980 1053 3030 ΔΝ.
1073 2969 1130 3030 Nil

207 3067 285 3129 lenit
298 3068 382 3128 noui.
1086 3079 1131 3128 475

127 3174 187 3226 GR
206 3166 288 3226 Tmn
302 3165 452 3225 Phormio
466 3163 578 3225 itidem
591 3164 626 3224 in
639 3164 698 3225 haio
712 3183 746 3225 re
759 3169 795 3225 ut
808 3163 874 3246 [in]
887 3163 959 3226 aliis
971 3165 1131 3226 strenuom

206 3262 366 3323 hominem
380 3260 532 3341 praebuit.

126 3369 193 3421 Ais.
224 3359 308 3431 Quid
334 3365 363 3421 is
391 3359 495 3419 feeit?
539 3367 599 3418 Gn
623 3358 810 3420 Confutauit
831 3357 937 3420 uerbis
962 3358 1130 3420 admodum

206 3453 323 3517 iratdm
336 3473 451 3517 senem
540 3549 542 3554 1
