2558 4014
134 316 247 380 aem]
545 318 724 368 rnonmo.
1097 298 1140 364 19

135 491 201 552 Nae
212 508 318 551 meum
331 487 593 567 imperium-aa
611 485 704 547 mitto
724 485 1014 565 imperium-ndu
1035 485 1141 548 simul-

215 587 314 647 tatem
328 603 430 646 meam

134 683 286 745 Reuerdri
300 682 427 744 saltem!
448 684 513 743 ndn
526 682 660 760 pudere!
681 679 838 741 oiaeinus
852 681 965 757 audax,
979 682 998 741 6
1012 682 1095 744 Geta

135 781 290 842 Monit6r1
325 788 385 839 GE
401 778 512 860 (aride)
524 779 589 840 Vix
598 778 735 838 tandem.
778 786 838 836 DE
851 777 893 858 (to
903 780 1045 861 himself)
1057 777 1140 850 Quid

214 876 295 936 mihi
309 877 414 936 dicent
428 875 483 936 arit
497 895 591 954 quam
605 894 731 935 eausam
744 875 926 952 reperient?

135 973 287 1034 Demiror.
330 981 389 1032 Gn
406 972 518 1053 (aride)
533 972 634 1050 Atqui
648 972 849 1050 reperiam-
857 971 945 1033 aliud
956 969 1038 1032 arira
1080 980 1141 1031 DE

214 1069 340 1130 Anhoc
354 1069 438 1130 dicet
451 1069 544 1129 mihi:
1096 1081 1141 1126 235

137 1166 278 1228 ‘Inuitus
302 1165 375 1226 feci.
417 1165 469 1226 ldx
494 1165 637 1242 coegit'?
663 1163 765 1241 aridio,
788 1165 898 1226 iatedr.
942 1174 1001 1225 GE
1027 1164 1139 1248 (aride)

214 1263 334 1323 Places.

134 1368 194 1421 DE
207 1357 325 1421 Verrim
340 1359 500 1435 seientem,
514 1359 648 1420 tacitum
662 1378 788 1420 oausam
802 1360 926 1419 tradere
941 1358 1140 1435 aduersariis,

135 1457 282 1518 Etiamne
296 1456 330 1515 id
343 1456 396 1515 lex
409 1449 537 1532 coegit?
578 1465 642 1517 PE
658 1455 756 1535 (aeide
767 1466 796 1516 to
809 1457 898 1538 Geta)
914 1456 1001 1516 Illud
1017 1454 1139 1516 dirum.

215 1562 274 1613 GE
291 1553 389 1633 (asida
403 1562 432 1613 to
446 1555 616 1634 Phaedria)
632 1554 699 1628 Ego
714 1553 925 1631 expediam—
934 1553 1009 1613 sine.

136 1659 194 1709 DE
224 1651 418 1711 Incertumst
446 1650 524 1728 quid
551 1668 650 1726 agam,
679 1649 755 1728 quia
780 1655 905 1730 praeter
932 1668 1019 1728 spem
1047 1655 1142 1727 atque

214 1746 399 1807 incredibile
413 1746 472 1806 hoe
486 1746 531 1806 mi
545 1747 667 1823 dbtigit.

136 1844 187 1904 ita
211 1863 281 1904 sum
301 1843 459 1920 inritatus,
481 1844 622 1904 animum
642 1849 680 1904 ut
706 1862 859 1922 nequeam
880 1844 921 1904 ad
941 1841 1142 1919 edgitandum

214 1939 389 2000 instituere.
1098 1952 1143 1998 240

136 2037 235 2109 Quam
256 2036 296 2097 ob
316 2055 383 2096 rem
404 2036 516 2114 dmnis,
530 2056 625 2115 quom
646 2035 801 2098 seorindae
822 2055 871 2098 res
892 2040 967 2098 sunt
986 2037 1141 2113 maxume,

214 2139 283 2194 tum
297 2135 443 2194 maxume

136 2230 287 2290 Meditari
308 2249 414 2290 seeum
432 2232 565 2309 opdrtet,
580 2249 642 2308 quo
659 2236 752 2310 paeto
773 2231 940 2292 aduersam
960 2230 1143 2291 aerumnam

215 2327 336 2387 ferant:

135 2423 268 2500 Pericle,
284 2425 407 2500 damna,
423 2422 519 2484 exilia
532 2443 660 2503 peregre
675 2424 799 2486 rediens
811 2443 934 2503 semper
949 2425 1074 2500 odgitet,

136 2521 202 2581 Aut
215 2520 268 2580 fili
282 2527 445 2598 peecatum
462 2519 517 2581 arit
530 2521 637 2582 uxoris
656 2523 788 2582 mdrtem
807 2527 863 2582 aut
879 2523 1021 2582 morbum
1036 2522 1142 2599 iiliae3

137 2615 322 2679 Comminia
342 2635 409 2679 esse
429 2617 516 2694 haee,
537 2617 612 2677 fieri
632 2637 733 2697 posse,
755 2619 852 2678 utne
873 2619 950 2696 quid
974 2619 1079 2679 animo
1101 2619 1145 2678 sit

215 2733 346 2790 n0u0m3
1099 2728 1144 2773 245

137 2810 296 2889 Quidquid
309 2817 433 2889 praeter
447 2830 535 2889 spem
550 2812 685 2887 eueniat,
701 2830 791 2872 omne
806 2812 841 2872 id
855 2812 1006 2890 deputare
1023 2830 1091 2873 esse
1110 2812 1144 2871 in

216 2907 311 2967 luero,

138 3012 196 3064 GE
220 3004 331 3086 (aride)
355 3003 381 3064 Ο
401 3004 568 3081 Phaedria,
594 3004 844 3088 inoredssiile[st]
876 3011 1029 3084 quantum
1056 3025 1144 3066 erum

217 3101 291 3161 ante
306 3119 342 3160 eo
357 3101 519 3179 sapientia.

138 3197 294 3257 Meditata
302 3197 381 3256 mihi
393 3204 467 3258 sunt
475 3198 581 3258 emnia
588 3217 658 3258 mea
667 3199 870 3275 inedmmoda,
879 3218 949 3260 erus
962 3200 990 3261 si
999 3200 1143 3262 redierit:

138 3293 349 3355 Molendumst
359 3294 394 3352 in
403 3295 547 3372 pistrina
559 3295 783 3372 numdandum,
794 3296 957 3356 habendae
968 3298 1143 3375 udmpedes,

139 3388 225 3469 Opus
234 3388 301 3450 rriri
311 3390 503 3450 feriundum.
546 3390 658 3451 herum
669 3391 716 3451 nil
726 3392 893 3470 quicquam
904 3393 1026 3454 decidet
1040 3393 1145 3454 animd

216 3503 339 3548 nouom.
1101 3501 1147 3549 rao
